<record><leader>00000cas a2200000 a 4500</leader><controlfield tag="001">11116760</controlfield><controlfield tag="008">840904d19391948ksuwr ne      0   a0eng d</controlfield><datafield ind1=" " ind2=" " tag="010"><subfield code="a">sn 84029476 </subfield></datafield><datafield ind1=" " ind2=" " tag="040"><subfield code="a">KSH</subfield><subfield code="b">eng</subfield><subfield code="c">KSH</subfield><subfield code="d">NPT</subfield><subfield code="d">OCL</subfield><subfield code="d">OCLCQ</subfield></datafield><datafield ind1=" " ind2=" " tag="042"><subfield code="a">msc</subfield></datafield><datafield ind1="0" ind2="4" tag="245"><subfield code="a">The Herington advertiser.</subfield></datafield><datafield ind1=" " ind2=" " tag="260"><subfield code="a">Herington, Kan. :</subfield><subfield code="b">A.C. Miller &amp; Earl A. Funk,</subfield><subfield code="c">1939-1948.</subfield></datafield><datafield ind1=" " ind2=" " tag="300"><subfield code="a">9 v. :</subfield><subfield code="b">ill. ;</subfield><subfield code="c">55 cm.</subfield></datafield><datafield ind1=" " ind2=" " tag="310"><subfield code="a">Weekly</subfield></datafield><datafield ind1="0" ind2=" " tag="362"><subfield code="a">Vol. 6, no. 13 (July 6, 1939) ; vol. 1, no. 1 (July 13, 1939)-v. 1, no. 41 (Apr. 18, 1940) ; vol. 6, no. 42 (Apr. 25, 1940)-v. 14, no. 40 (Apr. 1, 1948).</subfield></datafield><datafield ind1=" " ind2=" " tag="752"><subfield code="a">United States</subfield><subfield code="b">Kansas</subfield><subfield code="c">Dickinson</subfield><subfield code="d">Herington.</subfield></datafield><datafield ind1="0" ind2="0" tag="780"><subfield code="t">Advertiser (Herington, Kan.)</subfield><subfield code="w">(DLC)sn 84029463</subfield></datafield><datafield ind1="0" ind2="7" tag="785"><subfield code="t">Herington times-sun</subfield><subfield code="w">(DLC)sn 84029472</subfield></datafield><datafield ind1="0" ind2="7" tag="785"><subfield code="t">Herington advertiser-times</subfield><subfield code="w">(DLC)sn 84029464</subfield></datafield></record>